<?xml version="1.0" encoding="UTF-8"?><collection xmlns="http://www.loc.gov/MARC21/slim"><record><leader>00309nam--2200121-i-4500</leader><controlfield tag="001">000049799</controlfield><controlfield tag="002">20161230</controlfield><controlfield tag="005">20161230201047</controlfield><controlfield tag="008">060222s1000------------r-----000-0-eng-d</controlfield><datafield ind1=" " ind2=" " tag="080"><subfield code="a">621.039:621.311.2</subfield></datafield><datafield ind1=" " ind2=" " tag="245"><subfield code="a">Atomnye elektricheskie stancii</subfield></datafield><datafield ind1=" " ind2=" " tag="260"><subfield code="a">Moskva, Izdatelstvo Energiia, 1977, 220s</subfield></datafield><datafield ind1=" " ind2=" " tag="852"><subfield code="a">45778</subfield></datafield></record></collection>